<?xml version="1.0" encoding="UTF-8"?><collection xmlns="http://www.loc.gov/MARC21/slim"><record><leader>00536nam--2200157-i-4500</leader><controlfield tag="001">000017728</controlfield><controlfield tag="002">20161230</controlfield><controlfield tag="005">20170126000348</controlfield><controlfield tag="008">060222s1000------------r-----000-0-eng-d</controlfield><datafield ind1=" " ind2=" " tag="080"><subfield code="a">629.19:621.039.58</subfield></datafield><datafield ind1=" " ind2=" " tag="245"><subfield code="a">Aiaa specialists conference on rankine space power systems Vol.1: Held at Nasa Lewis Research Center, Cleveland Ohio, October 26-28, 1965</subfield></datafield><datafield ind1=" " ind2=" " tag="260"><subfield code="a">Cleveland, Ohio</subfield><subfield code="b">American Institute Of Aero- Nautics And Astronautics</subfield><subfield code="c">1965</subfield></datafield><datafield ind1=" " ind2=" " tag="300"><subfield code="a">VII+768 p</subfield></datafield><datafield ind1=" " ind2=" " tag="490"><subfield code="a">1026</subfield></datafield><datafield ind1=" " ind2=" " tag="852"><subfield code="a">27044</subfield></datafield><datafield ind1=" " ind2=" " tag="CAT"><subfield code="a">SYS</subfield><subfield code="c">20170126</subfield><subfield code="h">000348</subfield></datafield></record></collection>